<record><leader>00000cas a22000007a 4500</leader><controlfield tag="001">17742952</controlfield><controlfield tag="008">880406d1939196udeuwr ne      0    0eng d</controlfield><datafield ind1=" " ind2=" " tag="010"><subfield code="a">sn 88053026 </subfield></datafield><datafield ind1=" " ind2=" " tag="040"><subfield code="a">DEX</subfield><subfield code="b">eng</subfield><subfield code="c">DEX</subfield><subfield code="d">OCLCQ</subfield></datafield><datafield ind1=" " ind2=" " tag="042"><subfield code="a">msc</subfield></datafield><datafield ind1="0" ind2="0" tag="245"><subfield code="a">Wilmington suburban news.</subfield></datafield><datafield ind1=" " ind2=" " tag="260"><subfield code="a">Wilmington, Del. :</subfield><subfield code="b">K.A. Horner</subfield></datafield><datafield ind1=" " ind2=" " tag="310"><subfield code="a">Weekly</subfield></datafield><datafield ind1="0" ind2=" " tag="362"><subfield code="a">Vol. 1, no. 1 (Sept. 20, 1939)-</subfield></datafield><datafield ind1=" " ind2=" " tag="752"><subfield code="a">United States</subfield><subfield code="b">Delaware</subfield><subfield code="c">New Castle</subfield><subfield code="d">Wilmington.</subfield></datafield><datafield ind1="0" ind2="0" tag="785"><subfield code="t">Suburban news (Wilmington, Del.)</subfield><subfield code="w">(DLC)sn 88053125</subfield></datafield></record>